@book{goossens94,
  author = "Michel Goossens and Frank Mittelbach and Alexander Samarin",
  title = "The {\LaTeX}\space companion",
  publisher = "Addison-Wesley",
  year = 1994
}

@book{kopka95,
  author = "Helmut Kopka and Patrick W. Daly",
  title = "A guide to {\LaTeXe}: document preparation
           for beginners and advanced users",
  publisher = "Addison-Wesley",
  year = 1995
}

@book{novices,
  author = "Nicola L. C. Talbot",
  title = "{\LaTeX}\space for Complete Novices",
  volume = 1,
  publisher = "Dickmaw Books",
  series = "Dickimaw {\LaTeX}\space Series",
  note = "\url{\baseurl/latex/novices/}",
  isbn="978-1-909440-00-5",
  year = 2012
}

@book{thesis,
  author = "Nicola L. C. Talbot",
  title = "Using {\LaTeX}\space to Write a Ph.D. Thesis",
  volume = 2,
  publisher = "Dickmaw Books",
  series = "The Dickimaw {\LaTeX}\space Series",
  note = "\url{\baseurl/latex/thesis/}",
  year = 2012
}
